@article{cremer,
	author = {Cremer, F., Sheehan, B., Fortmann, M. et al.},
	year = {2022},
	title = {Cyber risk and cybersecurity: a systematic review of data availability},
	publisher = {Geneva Pap Risk Insur Issues Pract},
	url = {https://doi.org/10.1057/s41288-022-00266-6}
}

@article{humayun,
	author = {Humayun, Mamoona and Niazi, Mahmood and Zaman, Noor and Alshayeb, Mohammad and Mahmood, Sajjad},
	year = {2020},
	month = {01},
	pages = {},
	title = {Cyber Security Threats and Vulnerabilities: A Systematic Mapping Study},
	volume = {45},
	journal = {Arabian Journal for Science and Engineering},
	doi = {10.1007/s13369-019-04319-2}
}

@article{khazaei,
	author = {Khazaei, Atefeh and Ghasemzadeh, Mohammad and Derhami, Vali},
	year = {2015},
	month = {08},
	pages = {89-96},
	title = {An automatic method for CVSS score prediction using vulnerabilities description},
	volume = {30},
	journal = {Journal of Intelligent and Fuzzy Systems},
	doi = {10.3233/IFS-151733}
}

@unknown{unknown,
	author = {Ma, Long and Zhang, Yanqing},
	year = {2015},
	month = {10},
	pages = {},
	title = {Using Word2Vec to process big text data},
	doi = {10.1109/BigData.2015.7364114}
}

@inproceedings{47751,
	title	= {BERT: Pre-training of Deep Bidirectional Transformers for Language Understanding},
	author	= {Jacob Devlin and Ming-Wei Chang and Kenton Lee and Kristina N. Toutanova},
	year	= {2018},
	URL	= {https://arxiv.org/abs/1810.04805}
}

@inproceedings{bozorgi,
	author = {Bozorgi, Mehran and Saul, Lawrence and Savage, Stefan and Voelker, Geoffrey},
	year = {2010},
	month = {06},
	pages = {105-114},
	title = {Beyond Heuristics: Learning to Classify Vulnerabilities and Predict Exploits},
	doi = {10.1145/1835804.1835821}
}

@article{vulnerwatch,
	author = {Janamian, Cook, Logan, Lim, Ulloa},
	year = {2021},
	title = {Using NLP to Predict the Severity of Cybersecurity Vulnerabilities},
	URL = {https://github.com/twlim1/VulnerWatch/blob/master/reports/Report.pdf}
}

@inproceedings {FER,
	author = {Đerek, Groš, Mikuc, Vuković},
	year = {2021},
	title = {Izvori prijetnji i prijetnje},
	course = {Cybersecurity of computer systems},
	organization = {Faculty of Electrical Engineering and Computer Science, Zagreb}
}

